%% This BibTeX bibliography file was created using BibDesk.
%% http://bibdesk.sourceforge.net/

%% Created for Vishnu Sreekumar at 2018-02-04 15:55:39 +0800 


%% Saved with string encoding Unicode (UTF-8) 



@www{PSEUDOCODE,
	Author = {JD},
	Date-Added = {2018-02-04 07:40:54 +0000},
	Date-Modified = {2018-02-04 07:42:22 +0000},
	Lastchecked = {2018-01-06},
	Title = {Pseudocode Standard},
  Url = {http://users.csc.calpoly.edu/~jdalbey/SWE/pdl_std.html},
	Urldate = {2018-01-06}}

@book{TEXTBOOK,
	Author = {M. Goodrich and R. Tamassia and M. Goldwasser},
	Date-Added = {2018-02-04 07:37:41 +0000},
	Date-Modified = {2018-02-04 07:39:07 +0000},
	Edition = {6},
	Title = {Data Structures and Algorithms in Java},
	Year = {2014}}
